%
% Why? Papers
%

@techreport{unwin:WhyDataVisualization,
  author      = {Unwin, Antony},
  institution = {Harvard Data Science Review},
  title       = {Why is Data Visualization Important? What is Important in Data Visualization?},
  year        = {2020}
}

%
% Visualization Survey
%

@techreport{chen:SurveyGraphVisualization,
  author      = {Chen, Yi and Guan, Zeli and Zhang, Rong and Du, Xiaomin and Wang, Yunhai},
  institution = {The Visualization Society of Japan},
  title       = {A survey on visualization approaches for exploring association relationships in graph data},
  year        = {2019}
}

@techreport{kgVisualization:Nararatwong,
  author    = {Nararatwong, Rungsiman and Kertkeidkachorn, Natthawut and Ichise, Ryutaro},
  booktitle = {2020 IEEE Third International Conference on Artificial Intelligence and Knowledge Engineering (AIKE)},
  title     = {Knowledge Graph Visualization: Challenges, Framework, and Implementation},
  year      = {2020},
  pages     = {174-178},
  doi       = {10.1109/AIKE48582.2020.00034}
}


%
% Wikipedia
%

@online{wiki:DataVisualization,
  author  = {{Wikipedia}},
  title   = {Data and information visualization},
  url     = {https://en.wikipedia.org/wiki/Data_and_information_visualization#Overview},
  urldate = {2024-01-18}
}

@online{wiki:Graph,
  author  = {{Wikipedia}},
  title   = {Graph (discrete mathematics)},
  url     = {https://en.wikipedia.org/wiki/Graph_(discrete_mathematics)},
  urldate = {2024-01-18}
}

@online{wiki:KnowledgeGraph,
  author  = {{Wikipedia}},
  title   = {Knowledge graph},
  url     = {https://en.wikipedia.org/wiki/Knowledge_graph},
  urldate = {2024-01-18}
}

%
% Node-Link
%

@online{nodelink:Basics,
  author  = {{The Data Visualisation Catalogue}},
  title   = {Network Diagram},
  url     = {https://datavizcatalogue.com/methods/network_diagram.html},
  urldate = {2024-02-10}
}

@techreport{nodelink:DynamicGraph,
  author      = {Burch, M. and ten Brinke, K.B. and Castella, A. and others},
  institution = {Visual Computing for Industry,
                 Biomedicine, and Art},
  title       = {Dynamic graph exploration by interactively linked node-link diagrams and matrix visualizations},
  year        = {2021}
}

%
% Graphs and Knowledge Graphs
%

@book{graphIntroduction:Wilson,
  author    = {Wilson, Robin J.},
  publisher = {Longman},
  edition   = {4},
  title     = {Introduction to Graph Theory},
  year      = {1996},
  isbn      = {0-582-24993-7}
}

@article{knowledgeGraphIntroduction:Chaudhri,
  title   = {Knowledge Graphs: Introduction, History and, Perspectives },
  volume  = {43},
  url     = {https://ojs.aaai.org/aimagazine/index.php/aimagazine/article/view/19119},
  doi     = {10.1002/aaai.12033},
  number  = {1},
  journal = {AI Magazine},
  author  = {Chaudhri, Vinay and Baru, Chaitanya and Chittar, Naren and Dong , Xin and Genesereth, Michael and Hendler, James and Kalyanpur, Aditya and Lenat, Douglas and Sequeda, Juan and Vrandečić, Denny and Wang, Kuansan},
  year    = {2022},
  pages   = {17-29}
}

@online{knowledgeGraph:whatIs,
  author  = {{ontotext}},
  title   = {What is a Knowledge Graph?},
  url     = {https://www.ontotext.com/knowledgehub/fundamentals/what-is-a-knowledge-graph/},
  urldate = {2024-02-20}
}

%
% Clustering
%

@book{clustering:AlgosForClust,
  author    = {Jain, Anil K. and Dubes, Richard C.},
  publisher = {Prentice Hall},
  title     = {Algorithms for Clustering Data},
  year      = {1988}
}