%
% Why? Papers
%

@techreport{unwin:WhyDataVisualization,
  author      = {Unwin, Antony},
  institution = {Harvard Data Science Review},
  title       = {Why is Data Visualization Important? What is Important in Data Visualization?},
  year        = {2020}
}

%
% Visualization Survey
%

@techreport{chen:SurveyGraphVisualization,
  author      = {Chen, Yi and Guan, Zeli and Zhang, Rong and Du, Xiaomin and Wang, Yunhai},
  institution = {The Visualization Society of Japan},
  title       = {A survey on visualization approaches for exploring association relationships in graph data},
  year        = {2019}
}

%
% Wikipedia
%

@online{wiki:DataVisualization,
  author  = {{Wikipedia}},
  title   = {Data and information visualization},
  url     = {https://en.wikipedia.org/wiki/Data_and_information_visualization#Overview},
  urldate = {2024-01-18}
}

@online{wiki:Graph,
  author  = {{Wikipedia}},
  title   = {Graph (discrete mathematics)},
  url     = {https://en.wikipedia.org/wiki/Graph_(discrete_mathematics)},
  urldate = {2024-01-18}
}

@online{wiki:KnowledgeGraph,
  author  = {{Wikipedia}},
  title   = {Knowledge graph},
  url     = {https://en.wikipedia.org/wiki/Knowledge_graph},
  urldate = {2024-01-18}
}
